<marc:record xmlns:marc="http://www.loc.gov/MARC21/slim"><marc:leader>01901nam a22001810a 45 0</marc:leader><marc:controlfield tag="001">306771</marc:controlfield><marc:controlfield tag="003">NL-AMISG</marc:controlfield><marc:controlfield tag="005">19950210234845.0</marc:controlfield><marc:controlfield tag="008">199502suuuuuuuu||||||||||||||||||||||| d</marc:controlfield><marc:datafield ind1=" " ind2=" " tag="035"><marc:subfield code="a">(IISG)IISGb10048006</marc:subfield></marc:datafield><marc:datafield ind1=" " ind2=" " tag="040"><marc:subfield code="a">NL-AmISG</marc:subfield></marc:datafield><marc:datafield ind1="1" ind2=" " tag="100"><marc:subfield code="a">Beerling, Dane Wilson.</marc:subfield></marc:datafield><marc:datafield ind1="1" ind2="0" tag="245"><marc:subfield code="a">Rattenwerk! Om nooit meer te vergeten.</marc:subfield></marc:datafield><marc:datafield ind1=" " ind2=" " tag="260"><marc:subfield code="a">[Amsterdam] :</marc:subfield><marc:subfield code="b">Beerling,</marc:subfield><marc:subfield code="c">1975.</marc:subfield></marc:datafield><marc:datafield ind1=" " ind2=" " tag="300"><marc:subfield code="a">30 p.</marc:subfield></marc:datafield><marc:datafield ind1=" " ind2=" " tag="690"><marc:subfield code="a">Bro N 1075</marc:subfield><marc:subfield code="b">Netherlands; social policy, social law, social security; social policy, social work, private social services, welfare work; socio- cultural and social community work, alternative care, recreation, adult education</marc:subfield><marc:subfield code="c">Nederland; sociale maatregelen, sociaal recht en sociale politiek; sociale politiek en maatschappelijk werk, sociale voorzieningen in de particuliere sfeer, welzijnszorg algemeen; sociaal-cultureel en maatschappelijk opbouwwerk, alternatieve hulpverlening, volkshuizen.</marc:subfield></marc:datafield><marc:datafield ind1=" " ind2=" " tag="690"><marc:subfield code="a">N 462</marc:subfield><marc:subfield code="b">Netherlands; topography, urban development, population and demography, sociology; Amsterdam</marc:subfield><marc:subfield code="c">Nederland; plaatsbeschrijving, ontwikkeling van steden, demografie, sociologie; Amsterdam.</marc:subfield></marc:datafield><marc:datafield ind1=" " ind2=" " tag="690"><marc:subfield code="a">Bro N 618</marc:subfield><marc:subfield code="b">Netherlands; social ideas and theories; various social ideas and theories; general, action committees including A-C-B-Front, Aktie Andere Koers, Black Panthers, Historisch aktie kommittee, Horstink - DIC-mappen, Kritische Leraren, Kritische Leraren Amsterdam, Socialistisch Onderwijs Front, Lastige Amsterdammer, Paneuropa, Wereldfederalisten, Vereniging voor Socialist Opvoeding, Bedrijfsgroep Amsterdam</marc:subfield><marc:subfield code="c">Nederland; sociale ideeën en theorieën; andere sociale ideeën en theorieën; algemeen, aktiegroepen waaronder A-C-B-Front, Aktie andere Koers, Black Panthers, Historisch aktie kommittee, Horstink DIC-mappen, Kritische Leraren, Kritische Leraren Amsterdam, Socialistisch Onderwijs Front, Lastige Amsterdammer, Paneuropa, Wereldfederalisten, Vereniging voor Socialistische Opvoeding, Bedrijfsgroep Amsterdam.</marc:subfield></marc:datafield><marc:datafield ind1="1" ind2=" " tag="700"><marc:subfield code="a">Bakker, Henk J.</marc:subfield></marc:datafield><marc:datafield ind1=" " ind2=" " tag="852"><marc:subfield code="a">IISG</marc:subfield><marc:subfield code="b">IISG</marc:subfield><marc:subfield code="c">IISG</marc:subfield><marc:subfield code="j">Bro 83/19 fol</marc:subfield><marc:subfield code="p">N10047515</marc:subfield></marc:datafield><marc:datafield ind1=" " ind2=" " tag="901"><marc:subfield code="a">306771</marc:subfield><marc:subfield code="b">Unknown</marc:subfield><marc:subfield code="c">306771</marc:subfield><marc:subfield code="t">biblio</marc:subfield></marc:datafield><marc:datafield ind1=" " ind2=" " tag="902"><marc:subfield code="a">10622/7C03FB83-7B89-4CD1-8C93-7D5CB17EF623</marc:subfield></marc:datafield></marc:record>